
@misc{ToddConnectionist,
 author = {Peter M. Todd},
 title = {A Connectionist Approach to Algorithmic Composition},
 note = {Music and Connectionist, p.173-189},
 year = 1989
}
